<?xml version="1.0" encoding="utf-8"?>
<record xmlns="http://www.loc.gov/MARC21/slim" xmlns:xsi="http://www.w3.org/2001/XMLSchema-instance" xsi:schemaLocation="http://www.loc.gov/MARC21/slim http://www.loc.gov/standards/marcxml/schema/MARC21slim.xsd">
	<leader>     nam a22     Mi 4500</leader>
	<controlfield tag="001">766352</controlfield>
	<controlfield tag="003">NjP</controlfield>
	<controlfield tag="006">m        d        </controlfield>
	<controlfield tag="007">cr cn |||m|||a</controlfield>
	<controlfield tag="008">210322s1989    ir      ob    000 0 ara d</controlfield>
	<datafield ind1=" " ind2=" " tag="040">
		<subfield code="a">ZYU</subfield>
		<subfield code="b">ara</subfield>
		<subfield code="e">rda</subfield>
		<subfield code="c">ZYU</subfield>
	</datafield>
	<datafield ind1="1" ind2=" " tag="100">
		<subfield code="6">880-01</subfield>
		<subfield code="a">Fayḍ al-Kāshī, Muḥammad ibn Murtaḍá,</subfield>
		<subfield code="d">1598 or 1599-1680 or 1681.</subfield>
	</datafield>
	<datafield ind1="1" ind2="0" tag="240">
		<subfield code="6">880-02</subfield>
		<subfield code="a">Ḥaqāʼiq fī maḥāsin al-akhlāq</subfield>
	</datafield>
	<datafield ind1="1" ind2="3" tag="245">
		<subfield code="6">880-03</subfield>
		<subfield code="a">al-Ḥaqāʼiq fī maḥāsin al-akhlāq ; Qurrat al-ʻuyūn fī al-maʻārif wa-al-ḥikam ; wa-yalīhi Miṣbāḥ al-anẓār /</subfield>
		<subfield code="c">lil-ʻallāmah al-Fayḍ al-Kāshānī ; taḥqīq Muḥsin ʻAqīl.</subfield>
	</datafield>
	<datafield ind1="3" ind2=" " tag="246">
		<subfield code="6">880-04</subfield>
		<subfield code="a">Qurrat al-ʻuyūn fī al-maʻārif wa-al-ḥikam</subfield>
	</datafield>
	<datafield ind1="3" ind2=" " tag="246">
		<subfield code="6">880-05</subfield>
		<subfield code="a">Miṣbāḥ al-anẓār</subfield>
	</datafield>
	<datafield ind1=" " ind2=" " tag="250">
		<subfield code="6">880-06</subfield>
		<subfield code="a">al-Ṭabʻah 1.</subfield>
	</datafield>
	<datafield ind1=" " ind2=" " tag="260">
		<subfield code="6">880-07</subfield>
		<subfield code="a">[Qum] :</subfield>
		<subfield code="b">Dār al-Kitāb al-Islāmī,</subfield>
		<subfield code="c">1989.</subfield>
	</datafield>
	<datafield ind1=" " ind2=" " tag="300">
		<subfield code="a">online resource (536 pages)</subfield>
	</datafield>
	<datafield ind1=" " ind2=" " tag="336">
		<subfield code="a">text</subfield>
		<subfield code="2">rdacontent</subfield>
	</datafield>
	<datafield ind1=" " ind2=" " tag="337">
		<subfield code="a">computer</subfield>
		<subfield code="2">rdamedia</subfield>
	</datafield>
	<datafield ind1=" " ind2=" " tag="338">
		<subfield code="a">online resource</subfield>
		<subfield code="2">rdacarrier</subfield>
	</datafield>
	<datafield ind1=" " ind2=" " tag="500">
		<subfield code="a">Part of the Arabic Collections Online (ACO) project, contributed by Princeton University Libraries.</subfield>
	</datafield>
	<datafield ind1=" " ind2=" " tag="504">
		<subfield code="a">Includes bibliographical references.</subfield>
	</datafield>
	<datafield ind1=" " ind2=" " tag="533">
		<subfield code="a">Electronic reproduction.</subfield>
		<subfield code="b">New York, N.Y. :</subfield>
		<subfield code="c">New York University,</subfield>
		<subfield code="d">2021.</subfield>
		<subfield code="5">NNU</subfield>
	</datafield>
	<datafield ind1=" " ind2="0" tag="650">
		<subfield code="a">Hadith</subfield>
		<subfield code="v">Early works to 1800.</subfield>
	</datafield>
	<datafield ind1=" " ind2="0" tag="650">
		<subfield code="a">Islamic ethics</subfield>
		<subfield code="v">Early works to 1800.</subfield>
	</datafield>
	<datafield ind1=" " ind2="7" tag="650">
		<subfield code="a">Hadith.</subfield>
		<subfield code="2">fast</subfield>
		<subfield code="0">(OCoLC)fst00950112</subfield>
	</datafield>
	<datafield ind1=" " ind2="7" tag="650">
		<subfield code="a">Islamic ethics.</subfield>
		<subfield code="2">fast</subfield>
		<subfield code="0">(OCoLC)fst00979936</subfield>
	</datafield>
	<datafield ind1=" " ind2="7" tag="655">
		<subfield code="a">Early works.</subfield>
		<subfield code="2">fast</subfield>
		<subfield code="0">(OCoLC)fst01411636</subfield>
	</datafield>
	<datafield ind1="1" ind2=" " tag="700">
		<subfield code="6">880-08</subfield>
		<subfield code="a">ʻAqīl, Muḥsin.</subfield>
	</datafield>
	<datafield ind1="1" ind2="2" tag="700">
		<subfield code="6">880-09</subfield>
		<subfield code="a">Fayḍ al-Kāshī, Muḥammad ibn Murtaḍá,</subfield>
		<subfield code="d">1598 or 1599-1680 or 1681.</subfield>
		<subfield code="t">Qurrat al-ʻuyūn fī al-maʻārif wa-al-ḥikam.</subfield>
	</datafield>
	<datafield ind1="1" ind2="2" tag="700">
		<subfield code="6">880-10</subfield>
		<subfield code="a">Fayḍ al-Kāshī, Muḥammad ibn Murtaḍá,</subfield>
		<subfield code="d">1598 or 1599-1680 or 1681.</subfield>
		<subfield code="t">Miṣbāḥ al-anẓār.</subfield>
	</datafield>
	<datafield ind1="2" ind2=" " tag="710">
		<subfield code="a">Princeton University.</subfield>
		<subfield code="b">Library.</subfield>
	</datafield>
	<datafield ind1="0" ind2=" " tag="730">
		<subfield code="a">Arabic Collections Online.</subfield>
	</datafield>
	<datafield ind1="0" ind2=" " tag="740">
		<subfield code="6">880-11</subfield>
		<subfield code="a">Qurrat al-ʻuyūn fī al-maʻārif wa-al-ḥikam.</subfield>
	</datafield>
	<datafield ind1="0" ind2=" " tag="740">
		<subfield code="6">880-12</subfield>
		<subfield code="a">Miṣbāḥ al-anẓār.</subfield>
	</datafield>
	<datafield ind1="0" ind2="8" tag="776">
		<subfield code="i">Print version:</subfield>
		<subfield code="a">Fayḍ al-Kāshī, Muḥammad ibn Murtaḍá, 1598 or 1599-1680 or 1681.</subfield>
		<subfield code="t">al-Ḥaqāʼiq fī maḥāsin al-akhlāq ; Qurrat al-ʻuyūn fī al-maʻārif wa-al-ḥikam ; wa-yalīhi Miṣbāḥ al-anẓār</subfield>
		<subfield code="w">(NjP)766352</subfield>
		<subfield code="w">(OCoLC)26985011</subfield>
	</datafield>
	<datafield ind1="4" ind2="0" tag="856">
		<subfield code="u">http://hdl.handle.net/2333.1/gb5mkx1x</subfield>
	</datafield>
	<datafield ind1="1" ind2=" " tag="880">
		<subfield code="6">100-01</subfield>
		<subfield code="a">فيض الكاشي، محمد بن مرتضى،</subfield>
		<subfield code="d">1598 or 1599-1680 or 1681.</subfield>
	</datafield>
	<datafield ind1="1" ind2="0" tag="880">
		<subfield code="6">240-02</subfield>
		<subfield code="a">حقائق في محاسن الاخلاق</subfield>
	</datafield>
	<datafield ind1="1" ind2="2" tag="880">
		<subfield code="6">245-03</subfield>
		<subfield code="a">الحقائق في محاسن الاخلاق ؛ قرة العيون في المعارف والحكم ؛ ويليه مصباح الانظار /</subfield>
		<subfield code="c">للعلامة الفيض الكاشاني ؛ تحقيق محسن عقيل.</subfield>
	</datafield>
	<datafield ind1="3" ind2=" " tag="880">
		<subfield code="6">246-04</subfield>
		<subfield code="a">قرة العيون في المعارف والحكم</subfield>
	</datafield>
	<datafield ind1="3" ind2=" " tag="880">
		<subfield code="6">246-05</subfield>
		<subfield code="a">مصباح الانظار</subfield>
	</datafield>
	<datafield ind1=" " ind2=" " tag="880">
		<subfield code="6">250-06</subfield>
		<subfield code="a">الطبعة ١.</subfield>
	</datafield>
	<datafield ind1=" " ind2=" " tag="880">
		<subfield code="6">260-07</subfield>
		<subfield code="a">[قم] :</subfield>
		<subfield code="b">دار الكتاب الاسلامي،</subfield>
		<subfield code="c">١٩٨٩.</subfield>
	</datafield>
	<datafield ind1="1" ind2=" " tag="880">
		<subfield code="6">700-08</subfield>
		<subfield code="a">محسن عقيل.</subfield>
	</datafield>
	<datafield ind1="1" ind2="2" tag="880">
		<subfield code="6">700-09</subfield>
		<subfield code="a">فيض الكاشي، محمد بن مرتضى،</subfield>
		<subfield code="d">1598 or 1599-1680 or 1681.</subfield>
		<subfield code="t">قرة العيون في المعارف والحكم.</subfield>
	</datafield>
	<datafield ind1="1" ind2="2" tag="880">
		<subfield code="6">700-10</subfield>
		<subfield code="a">فيض الكاشي، محمد بن مرتضى،</subfield>
		<subfield code="d">1598 or 1599-1680 or 1681.</subfield>
		<subfield code="t">مصباح الانظار.</subfield>
	</datafield>
	<datafield ind1="0" ind2=" " tag="880">
		<subfield code="6">740-11</subfield>
		<subfield code="a">قرة العيون في المعارف والحكم.</subfield>
	</datafield>
	<datafield ind1="0" ind2=" " tag="880">
		<subfield code="6">740-12</subfield>
		<subfield code="a">مصباح الانظار.</subfield>
	</datafield>
	<datafield ind1=" " ind2=" " tag="959">
		<subfield code="a">NNU</subfield>
		<subfield code="b">WEB</subfield>
		<subfield code="c">GENI</subfield>
		<subfield code="t">0</subfield>
		<subfield code="m">Electronic access</subfield>
		<subfield code="s">01</subfield>
	</datafield>
	<datafield ind1=" " ind2=" " tag="999">
		<subfield code="i">NjP_766352</subfield>
		<subfield code="o">(OCoLC)ocm26985011</subfield>
		<subfield code="s">princeton_aco004195:</subfield>
		<subfield code="e">(ERROR-880)(ERROR-MISC)</subfield>
		<subfield code="s">princeton_aco004195:</subfield>
	</datafield>
</record>
